<collection xmlns="http://www.loc.gov/MARC21/slim"><record><leader>01325nmm  2200313   450</leader><controlfield tag="001">709</controlfield><controlfield tag="003">http://montalegre.opacnet.com/OPAC/default.aspx?ContentAreaControl=ShowRegHoldings.ascx&amp;RegNo=16662</controlfield><datafield tag="010" ind1=" " ind2=" "><subfield code="a">972-0-64611-X</subfield></datafield><datafield tag="021" ind1=" " ind2=" "><subfield code="a">PT</subfield><subfield code="b">174134/00</subfield></datafield><datafield tag="100" ind1=" " ind2=" "><subfield code="a">20070518d2000    de y0pory0103    ba</subfield></datafield><datafield tag="101" ind1="0" ind2=" "><subfield code="a">por</subfield></datafield><datafield tag="102" ind1=" " ind2=" "><subfield code="a">PT</subfield></datafield><datafield tag="105" ind1=" " ind2=" "><subfield code="a">--------000zy</subfield></datafield><datafield tag="106" ind1=" " ind2=" "><subfield code="a">i</subfield></datafield><datafield tag="135" ind1=" " ind2=" "><subfield code="a">b a a</subfield></datafield><datafield tag="200" ind1="1" ind2=" "><subfield code="a">Descobrir a Terra</subfield><subfield code="b">Documento electrónico</subfield><subfield code="e">Geografia Física, Geologia, Cioncias da Terra e da vida</subfield><subfield code="f">Rui Manuel da Costa Barbosa, Francisco José Sena Pires</subfield><subfield code="g">[ed. lit.] Porto Editora Multimédia</subfield></datafield><datafield tag="205" ind1=" " ind2=" "><subfield code="a">[1ª ed.</subfield><subfield code="b">1" reimp.]</subfield></datafield><datafield tag="210" ind1=" " ind2=" "><subfield code="a">Porto</subfield><subfield code="c">Porto Editora</subfield><subfield code="d">D.L. 2001</subfield></datafield><datafield tag="215" ind1=" " ind2=" "><subfield code="a">1 disco óptico (CD-ROM) em caixa</subfield><subfield code="c">il.</subfield><subfield code="d">21cm</subfield></datafield><datafield tag="230" ind1=" " ind2=" "><subfield code="a">Dados</subfield></datafield><datafield tag="337" ind1=" " ind2=" "><subfield code="a">Requisitos do sistema: Processador Pentium a 133 MHz; 8 MB de RAM; Windows 95, 98, ou Windows NT; CD-ROM 4x; placa de som (16 bit); placa de vídeo SVGA ( milhares de cores a 640x480)</subfield></datafield><datafield tag="675" ind1=" " ind2=" "><subfield code="a">55(075)(0.034)</subfield><subfield code="3">1185150</subfield></datafield><datafield tag="675" ind1=" " ind2=" "><subfield code="a">911.2(075)(0.034)</subfield><subfield code="3">1185152</subfield></datafield><datafield tag="675" ind1=" " ind2=" "><subfield code="a">373.5(469)(0.034)</subfield><subfield code="v">BN</subfield><subfield code="z">por</subfield></datafield><datafield tag="675" ind1=" " ind2=" "><subfield code="a">371.6(469)(0.034)</subfield><subfield code="v">BN</subfield><subfield code="z">por</subfield><subfield code="3">1185154</subfield></datafield><datafield tag="700" ind1=" " ind2="1"><subfield code="a">Barbosa</subfield><subfield code="b">Rui Manuel da Costa</subfield><subfield code="3">1005508</subfield></datafield><datafield tag="701" ind1=" " ind2="1"><subfield code="a">Pires</subfield><subfield code="b">Francisco José Sena</subfield><subfield code="4">070</subfield></datafield><datafield tag="712" ind1="0" ind2="2"><subfield code="a">Porto Editora Multimédia</subfield><subfield code="4">340</subfield></datafield><datafield tag="801" ind1=" " ind2="0"><subfield code="a">PT</subfield><subfield code="b">Biblioteca Municipal de Montalegre</subfield><subfield code="g">RPC</subfield></datafield><datafield tag="856" ind1=" " ind2=" "><subfield code="u">locateMedia.asp?cod=20060526143546&amp;ext=jpg</subfield><subfield code="z">CAPA</subfield></datafield><datafield tag="909" ind1="&#9;" ind2=" "><subfield code="a">0</subfield></datafield></record></collection>